@article{AFM_spintronics,
  title   = {Antiferromagnetic opto-spintronics},
  volume  = {14},
  doi     = {10.1038/s41567-018-0051-x},
  number  = {3},
  journal = {Nature Physics},
  author  = {Němec, P. and Fiebig, M. and Kampfrath, T. and Kimel, A. V.},
  year    = {2018},
  month   = {Mar},
  pages   = {229-241}
} 
@misc{cary,
  url    = {https://www.agilent.com/cs/library/brochures/5990-7786EN_Cary-4000-5000-6000i-UV-Vis-NIR_Brochure.pdf},
  title  = {Agilent Cary 4000/5000/6000i Series UV-VIS-NIR Spectrophotometers},
  author = {Agilent Technologies Inc.},
  year   = {2020}
} 
@article{CrPS4_bandstructure,
  title   = {Layer-Dependent Giant Magnetoresistance in Two-Dimensional CrPS$_4$ Magnetic Tunnel Junctions},
  volume  = {16},
  doi     = {10.1103/physrevapplied.16.024011},
  number  = {2},
  journal = {Physical Review Applied},
  author  = {Yang, Jie and Fang, Shibo and Peng, Yuxuan and Liu, Shiqi and Wu, Baochun and Quhe, Ruge and Ding, Shilei and Yang, Chen and Ma, Jiachen and Shi, Bowen and et al.},
  year    = {2021},
  month   = {Aug}
} 
@article{CrPS4_magnetic,
  title   = {Magnetic structure and metamagnetic transitions in the van der waals antiferromagnet CrPS$_4$},
  volume  = {32},
  doi     = {10.1002/adma.202001200},
  number  = {28},
  journal = {Advanced Materials},
  author  = {Peng, Yuxuan and Ding, Shilei and Cheng, Man and Hu, Qifeng and Yang, Jie and Wang, Fanggui and Xue, Mingzhu and Liu, Zhou and Lin, Zhongchong and Avdeev, Maxim and et al.},
  year    = {2020},
  month   = {Jun}
} 
@article{CrPS4_pl,
  title   = {Photoluminescence path bifurcations by spin flip in two-dimensional CrPS$_4$},
  volume  = {16},
  doi     = {10.1021/acsnano.2c05600},
  number  = {10},
  journal = {ACS Nano},
  author  = {Kim, Suhyeon and Yoon, Sangho and Ahn, Hyobin and Jin, Gangtae and Kim, Hyesun and Jo, Moon-Ho and Lee, Changgu and Kim, Jonghwan and Ryu, Sunmin},
  year    = {2022},
  month   = {Sep},
  pages   = {16385-16393}
} 
@article{CrPS4_refrative,
  title   = {Parameter-free treatment of a layered correlated van der waals magnet: CrPS$_4$},
  volume  = {108},
  doi     = {10.1103/physrevb.108.155133},
  number  = {15},
  journal = {Physical Review B},
  author  = {Alcantara, A. R. and Lane, C. and Haraldsen, J. T. and Tutchton, R. M.},
  year    = {2023},
  month   = {Oct}
} 
@article{CrPS4_structure,
  title   = {Magnetic structure and metamagnetic transitions in the van der waals antiferromagnet CrPS$_4$},
  volume  = {32},
  doi     = {10.1002/adma.202001200},
  number  = {28},
  journal = {Advanced Materials},
  author  = {Peng, Yuxuan and Ding, Shilei and Cheng, Man and Hu, Qifeng and Yang, Jie and Wang, Fanggui and Xue, Mingzhu and Liu, Zhou and Lin, Zhongchong and Avdeev, Maxim and et al.},
  year    = {2020},
  month   = {Jun}
} 

@article{CrPS4_transmission,
  title   = {Band gap crossover and insulator-metal transition in the compressed layered CrPS$_4$},
  volume  = {5},
  doi     = {10.1038/s41535-020-00261-x},
  number  = {1},
  journal = {npj Quantum Materials},
  author  = {Susilo, Resta A. and Jang, Bo Gyu and Feng, Jiajia and Du, Qianheng and Yan, Zhipeng and Dong, Hongliang and Yuan, Mingzhi and Petrovic, Cedomir and Shim, Ji Hoon and Kim, Duck Young and et al.},
  year    = {2020},
  month   = {Aug}
} 

@article{FePS3_pl,
  title   = {Crystal anisotropy implications on the intrinsic magnetic and optical properties in van der waals FePS$_3$},
  doi     = {10.21203/rs.3.rs-2014052/v1},
  journal = {Research Square},
  author  = {Geraffy, Ellenor and Zuri, Shahar and Rybak, Milosz and Horani, Faris and Budniak, Adam and Amouyal, Yaron and Birowska, Magdalena and Lifshitz, Efrat},
  year    = {2022},
  month   = {Sep}
} 

@article{FePS3_transmission,
  title   = {Spectroscopy and structural investigation of iron phosphorus trisulfide—FePS$_3$},
  volume  = {10},
  doi     = {10.1002/adom.202102489},
  number  = {7},
  journal = {Advanced Optical Materials},
  author  = {Budniak, Adam K. and Zelewski, Szymon J. and Birowska, Magdalena and Woźniak, Tomasz and Bendikov, Tatyana and Kauffmann, Yaron and Amouyal, Yaron and Kudrawiec, Robert and Lifshitz, Efrat},
  year    = {2022},
  month   = {Feb}
} 

@article{MnPS3_pl,
  title   = {Strong neel ordering and luminescence correlation in a two-dimensional antiferromagnet},
  volume  = {16},
  doi     = {10.1002/lpor.202100431},
  number  = {8},
  journal = {Laser \& Photonics Reviews},
  author  = {Zhou, Yongheng and He, Kaiyue and Hu, Huamin and Ouyang, Gang and Zhu, Chao and Wang, Wei and Qin, Sichen and Tao, Ye and Chen, Runfeng and Zhang, Le and et al.},
  year    = {2022},
  month   = {Jun}
} 

@article{MnPS3_transmission,
  title   = {Optical-absorption spectra of crystal-field transitions in MnPS$_3$ at low temperature},
  volume  = {44},
  doi     = {10.1103/physrevb.44.11060},
  number  = {20},
  journal = {Physical Review B},
  author  = {Grasso, V. and Neri, F. and Perillo, P. and Silipigni, L. and Piacentini, M.},
  year    = {1991},
  month   = {Nov},
  pages   = {11060-11066}
} 

@article{MPX_first_principles,
  title   = {Magneto-optical anisotropies of two-dimensional antiferromagnetic MPX$_3$ from first principles},
  volume  = {109},
  doi     = {10.1103/physrevb.109.054426},
  number  = {5},
  journal = {Physical Review B},
  author  = {Rybak, Miłosz and Faria Junior, Paulo E. and Woźniak, Tomasz and Scharoch, Pawel and Fabian, Jaroslav and Birowska, Magdalena},
  year    = {2024},
  month   = {Feb}
} 

@article{NiPS3_coherent,
  title   = {Coherent many-body exciton in van der waals antiferromagnet NIPS$_3$},
  volume  = {583},
  doi     = {10.1038/s41586-020-2520-5},
  number  = {7818},
  journal = {Nature},
  author  = {Kang, Soonmin and Kim, Kangwon and Kim, Beom Hyun and Kim, Jonghyeon and Sim, Kyung Ik and Lee, Jae-Ung and Lee, Sungmin and Park, Kisoo and Yun, Seokhwan and Kim, Taehun and et al.},
  year    = {2020},
  month   = {Jul},
  pages   = {785-789}
} 

@article{NiPS3_few_layer,
  title   = {Exfoliation and Raman spectroscopic fingerprint of few-layer NIPS$_3$ van der waals crystals},
  volume  = {6},
  doi     = {10.1038/srep20904},
  number  = {1},
  journal = {Scientific Reports},
  author  = {Kuo, Cheng-Tai and Neumann, Michael and Balamurugan, Karuppannan and Park, Hyun Ju and Kang, Soonmin and Shiu, Hung Wei and Kang, Jin Hyoun and Hong, Byung Hee and Han, Moonsup and Noh, Tae Won and et al.},
  year    = {2016},
  month   = {Feb}
} 

@article{NiPS3_linear,
  title   = {Spin-induced linear polarization of photoluminescence in antiferromagnetic van der waals crystals},
  volume  = {20},
  doi     = {10.1038/s41563-021-00968-7},
  number  = {7},
  journal = {Nature Materials},
  author  = {Wang, Xingzhi and Cao, Jun and Lu, Zhengguang and Cohen, Arielle and Kitadai, Hikari and Li, Tianshu and Tan, Qishuo and Wilson, Matthew and Lui, Chun Hung and Smirnov, Dmitry and et al.},
  year    = {2021},
  month   = {Apr},
  pages   = {964-970}
} 

@article{NiPS3_magnon_gap,
  title   = {Magnon Gap excitations and spin-entangled optical transition in the van der waals antiferromagnet NiPS$_3$},
  volume  = {108},
  doi     = {10.1103/physrevb.108.115149},
  number  = {11},
  journal = {Physical Review B},
  author  = {Jana, Dipankar and Kapuscinski, P. and Mohelsky, I. and Vaclavkova, D. and Breslavetz, I. and Orlita, M. and Faugeras, C. and Potemski, M.},
  year    = {2023},
  month   = {Sep}
} 

@article{NiPS3_structure,
  title   = {Thickness dependence of electronic structure and optical properties of a correlated van der waals antiferromagnetic NiPS$_3$ thin film},
  volume  = {102},
  doi     = {10.1103/physrevb.102.075124},
  number  = {7},
  journal = {Physical Review B},
  author  = {Lane, Christopher and Zhu, Jian-Xin},
  year    = {2020},
  month   = {Aug}
} 

@article{NiPS3_transmission,
  title   = {Optical absorption of NiPS$_3$ in the near-infrared, visible and near-ultraviolet regions},
  volume  = {19},
  doi     = {10.1088/0022-3719/19/36/023},
  number  = {36},
  journal = {Journal of Physics C: Solid State Physics},
  author  = {Banda, E J},
  year    = {1986},
  month   = {Dec},
  pages   = {7329-7335}
} 

@article{review_tmd,
  title   = {New frontiers on van der waals layered metal phosphorous trichalcogenides},
  volume  = {28},
  doi     = {10.1002/adfm.201802151},
  number  = {37},
  journal = {Advanced Functional Materials},
  author  = {Wang, Fengmei and Shifa, Tofik A. and Yu, Peng and He, Peng and Liu, Yang and Wang, Feng and Wang, Zhenxing and Zhan, Xueying and Lou, Xiaoding and Xia, Fan and et al.},
  year    = {2018},
  month   = {Jul}
} 

@article{scargle,
  title   = {Studies in astronomical time series analysis. II - statistical aspects of spectral analysis of unevenly spaced data},
  volume  = {263},
  doi     = {10.1086/160554},
  journal = {The Astrophysical Journal},
  author  = {Scargle, J. D.},
  year    = {1982},
  month   = {Dec},
  pages   = {835}
} 

@article{thickness,
  title   = {A method for measuring and calibrating the thickness of thin films based on infrared interference technology},
  volume  = {51},
  doi     = {10.1016/j.rinp.2023.106727},
  journal = {Results in Physics},
  author  = {Sun, Jiaxing and Li, Xinyu and Zhang, Haojie and Song, Jinlong and Li, Zhisong},
  year    = {2023},
  month   = {Aug},
  pages   = {106727}
} 